@article{ngo2018single,
  title={Single-phase multilevel inverter based on switched-capacitor structure},
  author={Ngo, Bac-Bien and Nguyen, Minh-Khai and Kim, Jae-Hong and Zare, Firuz},
  journal={IET Power Electronics},
  volume={11},
  number={11},
  pages={1858--1865},
  year={2018},
  publisher={IET}
}

@article{williams2006principles,
	title={Principles and Elements of POWER ELECTRONICS},
	author={Williams, Barry W},
	journal={Devices, Drivers, Applications and Passive Components},
	pages={1432},
	year={2006}
}

@article{ye2014step,
	title={A step-up switched-capacitor multilevel inverter with self-voltage balancing},
	author={Ye, Yuanmao and Cheng, Ka Wai Eric and Liu, Junfeng and Ding, Kai},
	journal={IEEE Transactions on industrial electronics},
	volume={61},
	number={12},
	pages={6672--6680},
	year={2014},
	publisher={IEEE}
}

@inproceedings{bhagyalakshmi2017switched,
	title={Switched capacitor multilevel inverter with different modulation techniques},
	author={Bhagyalakshmi, PS and Varghese, Beena M and Jos, Bos Mathew},
	booktitle={2017 International Conference on Innovations in Information, Embedded and Communication Systems (ICIIECS)},
	pages={1--6},
	year={2017},
	organization={IEEE}
}

@article{kouro2010recent,
	title={Recent advances and industrial applications of multilevel converters},
	author={Kouro, Samir and Malinowski, Mariusz and Gopakumar, K and Pou, Josep and Franquelo, Leopoldo G and Wu, Bin and Rodriguez, Jose and P{\'e}rez, Marcelo A and Leon, Jose I},
	journal={IEEE Transactions on industrial electronics},
	volume={57},
	number={8},
	pages={2553--2580},
	year={2010},
	publisher={IEEE}
}

@article{rodriguez2002multilevel,
	title={Multilevel inverters: a survey of topologies, controls, and applications},
	author={Rodriguez, Jose and Lai, Jih-Sheng and Peng, Fang Zheng},
	journal={IEEE Transactions on industrial electronics},
	volume={49},
	number={4},
	pages={724--738},
	year={2002},
	publisher={IEEE}
}

@article{hinago2011switched,
	title={A switched-capacitor inverter using series/parallel conversion with inductive load},
	author={Hinago, Youhei and Koizumi, Hirotaka},
	journal={IEEE Transactions on industrial electronics},
	volume={59},
	number={2},
	pages={878--887},
	year={2011},
	publisher={IEEE}
}